<?xml version="1.0" encoding="UTF-8"?><record xmlns="http://www.loc.gov/MARC21/slim" xmlns:cinclude="http://apache.org/cocoon/include/1.0" xmlns:zs="http://www.loc.gov/zing/srw/">
  <leader>00441cz  a2200145n  4500</leader>
  <controlfield tag="001">n  94027852 </controlfield>
  <controlfield tag="003">DLC</controlfield>
  <controlfield tag="005">20001021071526.0</controlfield>
  <controlfield tag="008">940322n| acannaabn          |a aaa     c</controlfield>
  <datafield tag="010" ind1=" " ind2=" ">
    <subfield code="a">n  94027852 </subfield>
  </datafield>
  <datafield tag="035" ind1=" " ind2=" ">
    <subfield code="a">(OCoLC)oca03571632</subfield>
  </datafield>
  <datafield tag="040" ind1=" " ind2=" ">
    <subfield code="a">CU</subfield>
    <subfield code="b">eng</subfield>
    <subfield code="c">CU</subfield>
    <subfield code="d">OCoLC</subfield>
  </datafield>
  <datafield tag="100" ind1="1" ind2=" ">
    <subfield code="a">Arisi Rota, Arianna,</subfield>
    <subfield code="d">1964-</subfield>
  </datafield>
  <datafield tag="400" ind1="1" ind2=" ">
    <subfield code="a">Rota, Arianna Arisi,</subfield>
    <subfield code="d">1964-</subfield>
  </datafield>
  <datafield tag="670" ind1=" " ind2=" ">
    <subfield code="a">La diplomazia del ventennio, 1990:</subfield>
    <subfield code="b">t.p. (Arianna Arisi Rota) flap (b. 1964 in Piacenza)</subfield>
  </datafield>
</record>